<?xml version="1.0" encoding="UTF-8"?><record xmlns="http://www.loc.gov/MARC21/slim" xmlns:cinclude="http://apache.org/cocoon/include/1.0" xmlns:zs="http://www.loc.gov/zing/srw/">
  <leader>00508nz  a2200133n  4500</leader>
  <controlfield tag="001">no 00000243 </controlfield>
  <controlfield tag="003">DLC</controlfield>
  <controlfield tag="005">20000104070139.0</controlfield>
  <controlfield tag="008">000103n| acannaabn          |n ana     c</controlfield>
  <datafield tag="010" ind1=" " ind2=" ">
    <subfield code="a">no 00000243 </subfield>
  </datafield>
  <datafield tag="035" ind1=" " ind2=" ">
    <subfield code="a">(OCoLC)oca05129308</subfield>
  </datafield>
  <datafield tag="040" ind1=" " ind2=" ">
    <subfield code="a">MdU</subfield>
    <subfield code="b">eng</subfield>
    <subfield code="c">MdU</subfield>
  </datafield>
  <datafield tag="110" ind1="2" ind2=" ">
    <subfield code="a">South Baltimore Methodist Protestant Church</subfield>
  </datafield>
  <datafield tag="670" ind1=" " ind2=" ">
    <subfield code="a">The fiftieth anniversary, or semi-centennial celebration, of South Baltimore Methodist Protestant Church, Light Street, near West, 1903:</subfield>
    <subfield code="b">t.p. (South Baltimore Methodist Protestant Church)</subfield>
  </datafield>
</record>